@book{UMzUSLiTF,
  author = {Géron, Aurélien},
  isbn = {978-1491962299},
  publisher = {O'Reilly Media},
  timestamp = {2018-04-06T05:59:31.000+0200},
  title = {Hands-on machine learning with Scikit-Learn and TensorFlow : concepts, tools, and techniques to build intelligent systems},
  year = 2017
}

@book{PerceptronsBook,
  added-at = {2008-05-16T13:57:01.000+0200},
  address = {Cambridge, MA, USA},
  author = {Minsky, Marvin and Papert, Seymour},
  biburl = {https://www.bibsonomy.org/bibtex/206a5a6751b3e61408455fca2ed8d87fc/sb3000},
  description = {: mf : blob : » bibtex},
  interhash = {d80d4948a422623047f1b800272c0389},
  intrahash = {06a5a6751b3e61408455fca2ed8d87fc},
  keywords = {linear-classification neural-networks seminal},
  publisher = {MIT Press},
  timestamp = {2008-05-16T13:57:02.000+0200},
  title = {Perceptrons: An Introduction to Computational Geometry},
  year = 1969
}


@misc{PerceptronModel,
    author = {De Oliveira, Rodrigo and Fernandes Araújo, Ramon Cristian and Barros, Fabrício and Segundo, Adriano and Zampolo, Ronaldo and Fonseca, Wellington and Dmitriev, Victor and Brasil, Fernando},
    year = {2017},
    pages = {628-645},
    title = {A System Based on Artificial Neural Networks for Automatic Classification of Hydro-generator Stator Windings Partial Discharges},
    doi = {10.1590/2179-10742017v16i3854},
    HOWPUBLISHED = "\url{https://www.scielo.br/j/jmoea/a/M7Cc4KCtC7KMtkxWVH55BVL/?lang=en}"
}

@misc{NNModel,
  author = {Lavanya Shukla},
  title = {Designing Your Neural Networks},
  year = {2019},
  HOWPUBLISHED = {\url{https://towardsdatascience.com/designing-your-neural-networks-a5e4617027ed}},
  note = {Accessed: 2023-12-09}
}

@article{ActivationFunctions,
  title={Trish: an efficient activation function for CNN models and analysis of its effectiveness with optimizers in diagnosing glaucoma},
  author={Közkurt, C. and Diker, A. and Elen, A. and Kılıçarslan, S. and others},
  journal={The Journal of Supercomputing},
  volume={2024},
  year={2024},
  HOWPUBLISHED={\url{https://link.springer.com/article/10.1007/s11227-024-06057-1}},
  publisher={Springer}
}


@misc{ActivationFunctionsImage,
    AUTHOR = "Shruti Jadon",
    TITLE = "Introduction to Different Activation Functions for Deep Learning",
    HOWPUBLISHED = "\url{https://medium.com/@shrutijadon/survey-on-activation-functions-for-deep-learning-9689331ba092}",
    YEAR = "2018",
    note = "Accessed: 2024-03-13", 
}

@MISC{TDS-NNCons,
    HOWPUBLISHED = "\url{https://towardsdatascience.com/simple-introduction-to-convolutional-neural-networks-cdf8d3077bac?gi=eb335346d214}",
    AUTHOR = "Matthew Stewart",
    TITLE= "Simple Introduction to Convolutional Neural Networks",
    YEAR = "2019",
    note = "Accessed: 2024-03-11",
}

@misc{TransferLearningFirst,
    author = {Bozinovski, Stevo},
    year = {2020},
    title = {Reminder of the First Paper on Transfer Learning in Neural Networks, 1976},
    doi = {https://doi.org/10.31449/inf.v44i3.2828},
}

@book{TransferLearning,
author = {Sarkar, Dipanjan and Bali, Raghav and Ghosh, Tamoghna},
title = {Hands-On Transfer Learning with Python: Implement Advanced Deep Learning and Neural Network Models Using TensorFlow and Keras},
year = {2018},
publisher = {Packt Publishing},
}

@misc{DeepResidualLearning,
  DOI = {10.48550/ARXIV.1512.03385},
  HOWPUBLISHED = "\url{https://arxiv.org/abs/1512.03385}",
  author = {He, Kaiming and Zhang, Xiangyu and Ren, Shaoqing and Sun, Jian},
  TITLE = {Deep Residual Learning for Image Recognition},
  YEAR = {2015},
}

@misc{EfficientNet,
  HOWPUBLISHED = "\url{https://arxiv.org/abs/1905.11946}",
  author = {Tan, Mingxing and Le, Quoc V.},
  title = {EfficientNet: Rethinking Model Scaling for Convolutional Neural Networks},
  year = {2019},
  doi = {10.48550/ARXIV.1905.11946},
}

@misc{CNNBlogGuide,
  author = {Sumit Saha},
  title = {A Comprehensive Guide to Convolutional Neural Networks - The ELI5 Way},
  year = {2018},
  howpublished = {\url{https://saturncloud.io/blog/a-comprehensive-guide-to-convolutional-neural-networks-the-eli5-way/}},
  note = {Accessed: 2024-04-02}
}

@article{DataAugmentationEssential,
  title={Image Data Augmentation for Deep Learning: A Survey},
  author={Suorong Yang et al.},
  journal={Journal of Deep Learning Research},
  year={2023},
  volume={},
  pages={}
}

@article{ImageDataAugmentationSurvey,
  title={A survey on Image Data Augmentation for Deep Learning},
  author={Connor Shorten and Taghi M. Khoshgoftaar},
  journal={Journal of Big Data},
  year={2019},
  volume={6},
  number={1},
  pages={60},
  doi={10.1186/s40537-019-0197-0}
}

@article{AugmentationDiagram,
author = {Alomar, Khaled and Aysel, Halil and Cai, Xiaohao},
year = {2023},
month = {02},
pages = {46},
title = {Data Augmentation in Classification and Segmentation: A Survey and New Strategies},
volume = {9},
journal = {Journal of Imaging},
doi = {10.3390/jimaging9020046}
}

@misc{TradAugExamples,
  author = {Gaudenz Boesch},
  title = {Image Data Augmentation for Computer Vision (2024 Guide)},
  year = {2024},
  howpublished = {\url{https://viso.ai/computer-vision/image-data-augmentation-for-computer-vision/}},
  note = {Accessed: 2024-04-18}
}

@misc{MixupOriginal,
      title={mixup: Beyond Empirical Risk Minimization}, 
      author={Hongyi Zhang and Moustapha Cisse and Yann N. Dauphin and David Lopez-Paz},
      HOWPUBLISHED={"\url{https://arxiv.org/abs/1710.09412}"},
      year={2018},
      eprint={1710.09412},
      archivePrefix={arXiv},
      primaryClass={cs.LG}
}

@misc{CutMixOriginal,
      title={CutMix: Regularization Strategy to Train Strong Classifiers with Localizable Features}, 
      author={Sangdoo Yun and Dongyoon Han and Seong Joon Oh and Sanghyuk Chun and Junsuk Choe and Youngjoon Yoo},
      HOWPUBLISHED={"\url{https://arxiv.org/abs/1905.04899}"},
      year={2019},
      eprint={1905.04899},
      archivePrefix={arXiv},
      primaryClass={cs.CV}
}

@inproceedings{AdvAugExamples,
author = {Yang, Zihan and Sinnott, Richard and Ke, Qiuhong and Bailey, James},
year = {2021},
month = {12},
pages = {101-110},
title = {Individual Feral Cat Identification through Deep Learning},
doi = {10.1145/3492324.3494168}
}

@misc{TransferLearningExample,
  author = {Derrick Mwiti},
  title = {Transfer Learning Guide: A Practical Tutorial With Examples for Images and Text in Keras},
  year = {2023},
  howpublished = {\url{https://neptune.ai/blog/transfer-learning-guide-examples-for-images-and-text-in-keras}},
  note = {Accessed: 2024-04-19}
}


@Article{AudioAugmentation,
    AUTHOR = {Abayomi-Alli, Olusola O. and Damaševičius, Robertas and Qazi, Atika and Adedoyin-Olowe, Mariam and Misra, Sanjay},
    TITLE = {Data Augmentation and Deep Learning Methods in Sound Classification: A Systematic Review},
    JOURNAL = {Electronics},
    VOLUME = {11},
    YEAR = {2022},
    NUMBER = {22},
    ARTICLE-NUMBER = {3795},
    URL = {https://www.mdpi.com/2079-9292/11/22/3795},
    ISSN = {2079-9292},
    DOI = {10.3390/electronics11223795}
}


@Article{MelSpectrograms,
    AUTHOR = {Nanni, Loris and Maguolo, Gianluca and Brahnam, Sheryl and Paci, Michelangelo},
    TITLE = {An Ensemble of Convolutional Neural Networks for Audio Classification},
    JOURNAL = {Applied Sciences},
    VOLUME = {11},
    YEAR = {2021},
    NUMBER = {13},
    ARTICLE-NUMBER = {5796},
    URL = {https://www.mdpi.com/2076-3417/11/13/5796},
    ISSN = {2076-3417},
    DOI = {10.3390/app11135796}
}

@article{RawAudioAugmentation,
    author = {Jahangir, and Wah, Teh and Mujtaba, Ghulam and Alroobaea, Roobaea and Shaikh, Zahid and Ihsan, Ali},
    year = {2022},
    month = {05},
    title = {Convolutional neural network-based cross-corpus speech emotion recognition with data augmentation and features fusion},
    volume = {33},
    journal = {Machine Vision and Applications},
    doi = {10.1007/s00138-022-01294-x}
}

@unknown{MaskingAugmentation,
author = {Bai, Jisheng and Chen, Jianfeng and Wang, Mou and Ayub, Muhammad Saad and Yan, Qingli},
year = {2022},
month = {08},
pages = {},
title = {SSDPT: Self-Supervised Dual-Path Transformer for Anomalous Sound Detection in Machine Condition Monitoring},
HOWPUBLISHED={"\url{https://arxiv.org/abs/2208.03421}"},
doi = {10.48550/arXiv.2208.03421}
}

@misc{GANsOriginalPaper,
      title={Generative Adversarial Networks}, 
      author={Ian J. Goodfellow and Jean Pouget-Abadie and Mehdi Mirza and Bing Xu and David Warde-Farley and Sherjil Ozair and Aaron Courville and Yoshua Bengio},
      year={2014},
      eprint={1406.2661},
      archivePrefix={arXiv},
      HOWPUBLISHED={"\url{https://arxiv.org/abs/1406.2661}"},
      primaryClass={stat.ML}
}

@misc{GANFramework,
author = {Letizia, Nunzio and Tonello, Andrea},
year = {2020},
month = {12},
pages = {1-10},
title = {Segmented Generative Networks: Data Generation in the Uniform Probability Space},
volume = {PP},
journal = {IEEE Transactions on Neural Networks and Learning Systems},
HOWPUBLISHED={"\url{https://ieeexplore.ieee.org/document/9298471}"},
doi = {10.1109/TNNLS.2020.3042380}
}

@ARTICLE{GANOverview,
  author={Creswell, Antonia and White, Tom and Dumoulin, Vincent and Arulkumaran, Kai and Sengupta, Biswa and Bharath, Anil A.},
  journal={IEEE Signal Processing Magazine}, 
  title={Generative Adversarial Networks: An Overview}, 
  year={2018},
  volume={35},
  number={1},
  pages={53-65},
  doi={10.1109/MSP.2017.2765202}}


@misc{GANEquations,
  author = {Harshit Dwivedi},
  title = {Understanding GAN Loss Functions},
  year = {2023},
  howpublished = {\url{https://neptune.ai/blog/gan-loss-functions}},
  note = {Accessed: 2024-04-25}
}

@misc{OriginalDCGAN,
      title={Unsupervised Representation Learning with Deep Convolutional Generative Adversarial Networks}, 
      author={Alec Radford and Luke Metz and Soumith Chintala},
      year={2016},
      eprint={1511.06434},
      HOWPUBLISHED={"\url{https://arxiv.org/abs/1511.06434}"},
      archivePrefix={arXiv},
}

@misc{ProGAN,
      title={Progressive Growing of GANs for Improved Quality, Stability, and Variation}, 
      author={Tero Karras and Timo Aila and Samuli Laine and Jaakko Lehtinen},
      year={2018},
      eprint={1710.10196},
      archivePrefix={arXiv},
      HOWPUBLISHED={"\url{https://arxiv.org/abs/1710.10196}"},
      primaryClass={cs.NE}
}

@misc{StyleGAN,
  author = {Rani Horev},
  title = {Explained: A Style-Based Generator Architecture for GANs - Generating and Tuning Realistic Artificial Faces},
  year = {2018},
  howpublished = {\url{https://towardsdatascience.com/explained-a-style-based-generator-architecture-for-gans-generating-and-tuning-realistic-6cb2be0f431}},
  note = {Accessed: 2024-04-26}
}

@misc{cGANs,
  author = {Niharika Srivastava},
  title = {Introduction to Conditional GANs},
  year = {2022},
  howpublished = {\url{https://www.e2enetworks.com/blog/introduction-to-conditional-gans}},
  note = {Accessed: 2024-04-26}
}

@misc{cycleGANs,
  author = {Abdulkader Helwan},
  title = {Introduction to CycleGAN},
  year = {2024},
  howpublished = {\url{https://abdulkaderhelwan.medium.com/introduction-to-cyclegan-db1978e8f924}},
  note = {Accessed: 2024-04-26}
}


@misc{DCGANsFlow,
  author = {Connor Shorten},
  title = {DCGANs (Deep Convolutional Generative Adversarial Networks)},
  year = {2018},
  howpublished = {\url{https://towardsdatascience.com/dcgans-deep-convolutional-generative-adversarial-networks-c7f392c2c8f8}},
  note = {Accessed: 2024-04-26}
}

@misc{StyleGANHighLevel,
  author = {Abirami Vina},
  title = {What is StyleGAN-T? A Deep Dive},
  year = {2023},
  howpublished = {\url{https://blog.roboflow.com/stylegan-t/}},
  note = {Accessed: 2024-04-27}
}

@INPROCEEDINGS{cGANSAugmentation,
  author={Yi, Wei and Sun, Yaoran and He, Sailing},
  booktitle={2018 Progress in Electromagnetics Research Symposium (PIERS-Toyama)}, 
  title={Data Augmentation Using Conditional GANs for Facial Emotion Recognition}, 
  year={2018},
  pages={710-714},
  doi={10.23919/PIERS.2018.8598226}
}

@misc{DAGANPaper,
      title={Data Augmentation Generative Adversarial Networks}, 
      author={Antreas Antoniou and Amos Storkey and Harrison Edwards},
      year={2018},
      eprint={1711.04340},
      archivePrefix={arXiv},
      HOWPUBLISHED={"\url{https://arxiv.org/abs/1711.04340}"},
      primaryClass={stat.ML}
}

@article{CycleGANBreastCancer,
    title = {Improving breast mass classification by shared data with domain transformation using a generative adversarial network},
    journal = {Computers in Biology and Medicine},
    volume = {119},
    pages = {103698},
    year = {2020},
    issn = {0010-4825},
    doi = {https://doi.org/10.1016/j.compbiomed.2020.103698},
    url = {https://www.sciencedirect.com/science/article/pii/S001048252030086X},
    author = {Chisako Muramatsu and Mizuho Nishio and Takuma Goto and Mikinao Oiwa and Takako Morita and Masahiro Yakami and Takeshi Kubo and Kaori Togashi and Hiroshi Fujita},
}

@misc{Flowers102,
  author       = {Maria-Elena Nilsback and Andrew Zisserman},
  title        = {Automated Flower Classification over a Large Number of Classes},
  howpublished = {Proceedings of the Indian Conference on Computer Vision, Graphics and Image Processing},
  year         = {2008},
  note         = {Available from: \url{https://www.robots.ox.ac.uk/~vgg/data/flowers/102/}}
}

@misc{GTZAN,
  title={Musical genre classification of audio signals},
  author={Tzanetakis, George and Cook, Perry R},
  journal={IEEE Transactions on Speech and Audio Processing},
  HOWPUBLISHED={"\url{https://ieeexplore.ieee.org/abstract/document/1021072}"},
  volume={10},
  number={5},
  pages={293--302},
  year={2002},
  publisher={IEEE}
}

@inproceedings{GTZANParameters,
  author = {Sultana, Shukufa and Joarder, Md. Mahedi Hasan and Rahman, Tanvir},
  title = {Music Genre Classification Based on Visualized Spectrogram},
  booktitle = {2022 6th International Conference on Intelligent Computing and Control Systems (ICICCS)},
  year = {2022},
  pages = {1207--1214},
  publisher = {IEEE},
  doi = {10.1109/ICICCS53718.2022.9778067},
  url = {https://ieeexplore.ieee.org/document/9778067}
}

@article{ClassificationMetrics,
    title = {Classification Assessment Methods},
    author = {Tharwat, Alaa},
    journal = {Applied Computing and Informatics},
    volume = {17},
    number = {1},
    pages = {168--192},
    year = {2021},
    doi = {10.1016/j.aci.2018.08.003},
    url = {https://www.emerald.com/insight/content/doi/10.1016/j.aci.2018.08.003/full/pdf}
}

@misc{wandb,
    title = {Experiment Tracking with Weights and Biases},
    year = {2020},
    HOWPUBLISHED={"\url{https://www.wandb.com/}"},
    author = {Biewald, Lukas},
}

@misc{DCGANImbalanced,
      title={Generalization of Deep Neural Networks for Chest Pathology Classification in X-Rays Using Generative Adversarial Networks}, 
      author={Hojjat Salehinejad and Shahrokh Valaee and Tim Dowdell and Errol Colak and Joseph Barfett},
      year={2018},
      eprint={1712.01636},
      archivePrefix={arXiv},
      primaryClass={cs.CV}
}

@article{Frid_Adar_2018,
   title={GAN-based synthetic medical image augmentation for increased CNN performance in liver lesion classification},
   volume={321},
   ISSN={0925-2312},
   url={http://dx.doi.org/10.1016/j.neucom.2018.09.013},
   DOI={10.1016/j.neucom.2018.09.013},
   journal={Neurocomputing},
   publisher={Elsevier BV},
   author={Frid-Adar, Maayan and Diamant, Idit and Klang, Eyal and Amitai, Michal and Goldberger, Jacob and Greenspan, Hayit},
   year={2018},
   month=dec, pages={321–331} }

@misc{CovidGAN,
      title={Additional Look into GAN-based Augmentation for Deep Learning COVID-19 Image Classification}, 
      author={Oleksandr Fedoruk and Konrad Klimaszewski and Aleksander Ogonowski and Michał Kruk},
      year={2024},
      eprint={2401.14705},
      archivePrefix={arXiv},
      primaryClass={eess.IV}
}

@phdthesis{ConfusionMatrix,
author = {Krüger, Frank},
year = {2016},
month = {12},
pages = {},
title = {Activity, Context, and Plan Recognition with Computational Causal Behaviour Models}
}